@inproceedings{pusara2004user,
  title={User re-authentication via mouse movements},
  author={Pusara, Maja and Brodley, Carla E},
  booktitle={Proceedings of the 2004 ACM workshop on Visualization and data mining for computer security},
  pages={1--8},
  year={2004},
  organization={ACM}
}

@inproceedings{zheng2011efficient,
  title={An efficient user verification system via mouse movements},
  author={Zheng, Nan and Paloski, Aaron and Wang, Haining},
  booktitle={Proceedings of the 18th ACM conference on Computer and communications security},
  pages={139--150},
  year={2011},
  organization={ACM}
}

@article{gafurov2006biometric,
  title={Biometric gait authentication using accelerometer sensor},
  author={Gafurov, Davrondzhon and Helkala, Kirsi and S{\o}ndrol, Torkjel},
  journal={Journal of computers},
  volume={1},
  number={7},
  pages={51--59},
  year={2006}
}

@article{steane1998quantum,
  title={Quantum computing},
  author={Steane, Andrew},
  journal={Reports on Progress in Physics},
  volume={61},
  number={2},
  pages={117},
  year={1998},
  publisher={IOP Publishing}
}

@misc{wiredSocialEng,
  author = {Zetter, Kim},
  title = {{Teen Who Hacked CIA Director’s Email Tells How He Did It}},
  howpublished = "\url{http://www.wired.com/2015/10/hacker-who-broke-into-cia-director-john-brennan-email-tells-how-he-did-it/}",
  year = {2015}, 
  note = "[Online; accessed 11-November-2015]"
}

@article{us2014us,
  title={US Cybercrime: Rising Risks, Reduced Readiness Key Findings from the 2014 US State of Cybercrime Survey},
  author={US Secret Service, National Threat Assessment Ctr and United States of America and CERT{\textregistered} Division of the Software Engineering Institute and United States of America and CSO Magazine and United States of America},
  year={2014}
}

@inproceedings{gupta2005efficient,
  title={Efficient fingerprint-based user authentication for embedded systems},
  author={Gupta, Pallav and Ravi, Srivaths and Raghunathan, Anand and Jha, Niraj K},
  booktitle={Design Automation Conference, 2005. Proceedings. 42nd},
  pages={244--247},
  year={2005},
  organization={IEEE}
}

@inproceedings{mallauran2005online,
  title={Online face detection and user authentication},
  author={Mallauran, Caroline and Dugelay, Jean-Luc and Perronnin, Florent and Garcia, Christophe},
  booktitle={Proceedings of the 13th annual ACM international conference on Multimedia},
  pages={219--220},
  year={2005},
  organization={ACM}
}

@incollection{chong2005iris,
  title={Iris authentication using privatized advanced correlation filter},
  author={Chong, Siew Chin and Teoh, Andrew Beng Jin and Ngo, David Chek Ling},
  booktitle={Advances in Biometrics},
  pages={382--388},
  year={2005},
  publisher={Springer}
}

@misc{kennedy2000radio,
  title={Radio telecommunication device and method of authenticating a user with a voice authentication token},
  author={Kennedy, Paul Roy and Hall, Timothy Gerard and Yip, William Chunhung},
  year={2000},
  month=jul # "~4",
  publisher={Google Patents},
  note={US Patent 6,084,967}
}

@article{denning1985requirements,
  title={Requirements and model for IDES—a real-time intrusion detection expert system},
  author={Denning, Dorothy E and Neumann, Peter G},
  journal={Document A005, SRI International},
  volume={333},
  year={1985}
}

@inproceedings{gamboa2003identity,
  title={An Identity Authentication System Based On Human Computer Interaction Behaviour.},
  author={Gamboa, Hugo and Fred, Ana LN},
  booktitle={PRIS},
  pages={46--55},
  year={2003}
}

@book{dunning2014practical,
  title={Practical Machine Learning: A New Look at Anomaly Detection},
  author={Dunning, Ted and Friedman, Ellen},
  year={2014},
  publisher={" O'Reilly Media, Inc."}
}

@incollection{NIPS2014_5346,
title = {Sequence to Sequence Learning with Neural Networks},
author = {Sutskever, Ilya and Vinyals, Oriol and Le, Quoc V. V},
booktitle = {Advances in Neural Information Processing Systems 27},
editor = {Z. Ghahramani and M. Welling and C. Cortes and N.D. Lawrence and K.Q. Weinberger},
pages = {3104--3112},
year = {2014},
publisher = {Curran Associates, Inc.},
url = {http://papers.nips.cc/paper/5346-sequence-to-sequence-learning-with-neural-networks.pdf}
}

@incollection{feldhofer2004strong,
  title={Strong authentication for RFID systems using the AES algorithm},
  author={Feldhofer, Martin and Dominikus, Sandra and Wolkerstorfer, Johannes},
  booktitle={Cryptographic Hardware and Embedded Systems-CHES 2004},
  pages={357--370},
  year={2004},
  publisher={Springer}
}

@misc{deo1998authentication,
  title={Authentication system and method for smart card transactions},
  author={Deo, Vinay and Seidensticker, Robert B and Simon, Daniel R},
  year={1998},
  month=feb # "~24",
  publisher={Google Patents},
  note={US Patent 5,721,781}
}